<record><leader>00000cas a2200000 a 4500</leader><controlfield tag="001">6780189</controlfield><controlfield tag="008">801002d19802001vaudn ne      0   a0eng d</controlfield><datafield ind1=" " ind2=" " tag="010"><subfield code="a">sn 80002302 </subfield></datafield><datafield ind1=" " ind2=" " tag="040"><subfield code="a">NSD</subfield><subfield code="b">eng</subfield><subfield code="c">NSD</subfield><subfield code="d">MFN</subfield><subfield code="d">NVK</subfield><subfield code="d">OCL</subfield><subfield code="d">NSD</subfield><subfield code="d">OCLCQ</subfield><subfield code="d">NVK</subfield><subfield code="d">OCLCQ</subfield><subfield code="d">OCLCF</subfield><subfield code="d">OCLCO</subfield></datafield><datafield ind1=" " ind2=" " tag="012"><subfield code="j">0</subfield><subfield code="k">1</subfield><subfield code="m">y</subfield></datafield><datafield ind1="1" ind2=" " tag="022"><subfield code="a">0273-6403</subfield><subfield code="l">0273-6403</subfield><subfield code="y">0199-0543</subfield><subfield code="2">1</subfield></datafield><datafield ind1="1" ind2=" " tag="029"><subfield code="a">AU@</subfield><subfield code="b">000020593848</subfield></datafield><datafield ind1=" " ind2=" " tag="042"><subfield code="a">nsdp</subfield></datafield><datafield ind1="0" ind2=" " tag="130"><subfield code="a">Fairfax journal (Springfield, Va. : 1980)</subfield></datafield><datafield ind1=" " ind2="4" tag="222"><subfield code="a">The Fairfax journal</subfield><subfield code="b">(Springfield. 1980)</subfield></datafield><datafield ind1="0" ind2="4" tag="245"><subfield code="a">The Fairfax journal.</subfield></datafield><datafield ind1=" " ind2=" " tag="260"><subfield code="a">Springfield, Va. :</subfield><subfield code="b">Journal Newspapers,</subfield><subfield code="c">1980-2001.</subfield></datafield><datafield ind1=" " ind2=" " tag="310"><subfield code="a">Daily (except Sun.), Sept. 3, 1996-</subfield></datafield><datafield ind1=" " ind2=" " tag="321"><subfield code="a">Daily (except Sat. &amp; Sun. &amp; weekday postal holidays),</subfield><subfield code="b">Sept. 28, 1981-Aug. 30, 1996</subfield></datafield><datafield ind1=" " ind2=" " tag="321"><subfield code="a">Semiweekly,</subfield><subfield code="b">Sept. 24, 1980-Sept. 21, 1981</subfield></datafield><datafield ind1="0" ind2=" " tag="362"><subfield code="a">Vol. 42, no. 77 (Sept. 24, 1980)-v. 63, no. 289 (Dec. 30, 2001)</subfield></datafield><datafield ind1=" " ind2=" " tag="500"><subfield code="a">Editor: Thomas Wuriu.</subfield></datafield><datafield ind1=" " ind2=" " tag="530"><subfield code="a">Available on microfilm from Bell and Howell; and from UMI.</subfield></datafield><datafield ind1=" " ind2=" " tag="580"><subfield code="a">By Sept. 24, 1980 Journal Newspapers, Inc., under Thomas Wuriu, also owned: Arlington journal (Alexandria, Va. : 1980); and Alexandria journal (Alexandria, Va. : 1980).</subfield></datafield><datafield ind1=" " ind2=" " tag="580"><subfield code="a">The Fairfax journal (Springfield, Va. : 1980) merged with the Arlington journal (Alexandria, Va. : 1980) and the Alexandria journal (Alexandria, Va. : 1980) to form the Northern Virginia journal.</subfield></datafield><datafield ind1=" " ind2="0" tag="651"><subfield code="a">Springfield (Va.)</subfield><subfield code="v">Newspapers.</subfield></datafield><datafield ind1=" " ind2="0" tag="651"><subfield code="a">Fairfax County (Va.)</subfield><subfield code="v">Newspapers.</subfield></datafield><datafield ind1=" " ind2="7" tag="655"><subfield code="a">Newspapers.</subfield><subfield code="2">fast</subfield><subfield code="0">(OCoLC)fst01423814</subfield></datafield><datafield ind1=" " ind2="7" tag="651"><subfield code="a">Virginia</subfield><subfield code="z">Fairfax County.</subfield><subfield code="2">fast</subfield><subfield code="0">(OCoLC)fst01204981</subfield></datafield><datafield ind1=" " ind2="7" tag="651"><subfield code="a">Virginia</subfield><subfield code="z">Springfield.</subfield><subfield code="2">fast</subfield><subfield code="0">(OCoLC)fst01203403</subfield></datafield><datafield ind1="1" ind2=" " tag="700"><subfield code="a">Wuriu, Thomas.</subfield></datafield><datafield ind1=" " ind2=" " tag="752"><subfield code="a">United States</subfield><subfield code="b">Virginia</subfield><subfield code="c">Fairfax</subfield><subfield code="d">Springfield.</subfield></datafield><datafield ind1="1" ind2=" " tag="775"><subfield code="t">Arlington journal (Alexandria, Va. : 1980)</subfield><subfield code="w">(DLC)sn 8002304</subfield></datafield><datafield ind1="1" ind2=" " tag="775"><subfield code="t">Alexandria journal (Alexandria, Va. : 1980)</subfield><subfield code="w">(DLC)sn 8002303</subfield></datafield><datafield ind1="0" ind2="0" tag="780"><subfield code="t">Fairfax journal and globe</subfield><subfield code="x">0199-0543</subfield><subfield code="w">(DLC)sn 7907953</subfield></datafield><datafield ind1="1" ind2="7" tag="785"><subfield code="t">Arlington journal (Alexandria, Va. : 1980)</subfield><subfield code="w">(DLC)sn 80002304</subfield></datafield><datafield ind1="1" ind2="7" tag="785"><subfield code="t">Alexandria journal (Alexandria, Va. : 1980)</subfield><subfield code="w">(DLC)sn 80002303</subfield></datafield><datafield ind1="1" ind2="7" tag="785"><subfield code="t">Northern Virginia journal</subfield><subfield code="x">1538-9995</subfield><subfield code="w">(DLC)  2002212302</subfield><subfield code="w">(OCoLC)48772407</subfield></datafield></record>